<record><leader>00000cas a22000007a 4500</leader><controlfield tag="001">10470035</controlfield><controlfield tag="008">840229d19681971wiuwr ne      0   a0eng d</controlfield><datafield ind1=" " ind2=" " tag="010"><subfield code="a">sn 84025854 </subfield></datafield><datafield ind1=" " ind2=" " tag="040"><subfield code="a">NPV</subfield><subfield code="b">eng</subfield><subfield code="c">NPV</subfield><subfield code="d">OCL</subfield><subfield code="d">CUS</subfield><subfield code="d">OCLCQ</subfield><subfield code="d">OCLCF</subfield><subfield code="d">OCLCO</subfield></datafield><datafield ind1=" " ind2=" " tag="042"><subfield code="a">msc</subfield></datafield><datafield ind1=" " ind2=" " tag="043"><subfield code="a">n-us-wi</subfield></datafield><datafield ind1=" " ind2=" " tag="045"><subfield code="a">x6x7</subfield></datafield><datafield ind1=" " ind2=" " tag="052"><subfield code="a">4123</subfield><subfield code="b">M6</subfield></datafield><datafield ind1="0" ind2="4" tag="245"><subfield code="a">The Greater Milwaukee star.</subfield></datafield><datafield ind1="3" ind2="0" tag="246"><subfield code="a">Milwaukee star</subfield></datafield><datafield ind1=" " ind2=" " tag="260"><subfield code="a">Milwaukee, Wis. :</subfield><subfield code="b">K.C. Coulter,</subfield><subfield code="c">1968-1971.</subfield></datafield><datafield ind1=" " ind2=" " tag="300"><subfield code="a">4 v. :</subfield><subfield code="b">ill.</subfield></datafield><datafield ind1=" " ind2=" " tag="310"><subfield code="a">Weekly</subfield></datafield><datafield ind1=" " ind2=" " tag="321"><subfield code="a">Biweekly,</subfield><subfield code="b">Apr. 10-July 13, 1968</subfield></datafield><datafield ind1="0" ind2=" " tag="362"><subfield code="a">Vol. 8, no. 15 (Apr. 10, 1968)-v. 11, no. 25 (Oct. 30, 1971).</subfield></datafield><datafield ind1=" " ind2=" " tag="500"><subfield code="a">Publisher changes: (May 3, 1969)--W.L. Jones.</subfield></datafield><datafield ind1=" " ind2=" " tag="500"><subfield code="a">Editors: Apr. 10-13, Apr. 20-July 13, 1968, P.L. Estrada.--&lt;Apr. 17, 1968&gt; G.M. Hutchins.--&lt;Oct. 26, 1968-May 3, 1969&gt; E. Perkins.--&lt;May 31-Nov. 29, 1969&gt; W.L. Jones.</subfield></datafield><datafield ind1=" " ind2=" " tag="521"><subfield code="a">"Voice of the new Negro in Wisconsin."</subfield></datafield><datafield ind1=" " ind2="0" tag="650"><subfield code="a">African Americans</subfield><subfield code="z">Wisconsin</subfield><subfield code="z">Milwaukee</subfield><subfield code="v">Newspapers.</subfield></datafield><datafield ind1=" " ind2="0" tag="651"><subfield code="a">Milwaukee (Wis.)</subfield><subfield code="v">Newspapers.</subfield></datafield><datafield ind1=" " ind2="7" tag="655"><subfield code="a">Newspapers.</subfield><subfield code="2">fast</subfield><subfield code="0">(OCoLC)fst01423814</subfield></datafield><datafield ind1=" " ind2="7" tag="650"><subfield code="a">African Americans.</subfield><subfield code="2">fast</subfield><subfield code="0">(OCoLC)fst00799558</subfield></datafield><datafield ind1=" " ind2="7" tag="651"><subfield code="a">Wisconsin</subfield><subfield code="z">Milwaukee.</subfield><subfield code="2">fast</subfield><subfield code="0">(OCoLC)fst01206626</subfield></datafield><datafield ind1="1" ind2=" " tag="700"><subfield code="a">Estrada, Phillip.</subfield></datafield><datafield ind1="1" ind2=" " tag="700"><subfield code="a">Perkins, E'Allyne.</subfield></datafield><datafield ind1="1" ind2=" " tag="700"><subfield code="a">Jones, Walter L.</subfield></datafield><datafield ind1=" " ind2=" " tag="752"><subfield code="a">United States</subfield><subfield code="b">Wisconsin</subfield><subfield code="c">Milwaukee</subfield><subfield code="d">Milwaukee.</subfield></datafield><datafield ind1="1" ind2=" " tag="770"><subfield code="t">Racine star news</subfield><subfield code="w">(DLC)sn 84025858</subfield></datafield><datafield ind1="0" ind2="0" tag="780"><subfield code="t">Milwaukee star (Milwaukee, Wis. : 1961)</subfield><subfield code="w">(DLC)sn 84025853</subfield><subfield code="w">(OCoLC)10470051</subfield></datafield><datafield ind1="0" ind2="0" tag="785"><subfield code="t">Your greater Milwaukee star</subfield><subfield code="w">(DLC)sn 84025855</subfield><subfield code="w">(OCoLC)10470032</subfield></datafield></record>